@article{bollobas,
    author =       "Bela Bollobas and Olivier Riordan",
    title =        "{A short proof of Haris-Kesten theorem}",
    journal =      "London Mathematical Society",
    volume =       "470",
    number =       "484",
    year =         "2006",
    DOI =          "http://dx.doi.org/10.1112/S002460930601842X",
}

@book{grimett,
    title={Percolation},
    author={Geoffroy Grimett},
    isbn={9783662039816},
    year={1999},
    publisher={Springer}
}

@online{ihesduminil,
    author    = "Hugo Duminil-Copin",
    title     = "Introduction to Bernoulli percolation",
    url       = "https://www.ihes.fr/~duminil/publi/2017percolation.pdf"
}

@online{tassion,
    author    = "Vincent Tassion",
    title     = "Introduction to Bernoulli percolation",
    url       = "https://metaphor.ethz.ch/x/2018/fs/401-4607-59L/sc/Percolation.pdf"
}